%%%%%%%%%%%%%%%%%%%%%%%%%%%%%%%%%%%%%%%%%%%%%%%%%%%%%%%%%%%%%%%%%%%%%
@ARTICLE{DiagnostabilityOfDES,
author={M. Sampath and R. Sengupta and S. Lafortune and K. Sinnamohideen and D. Teneketzis},
journal={IEEE Transactions on Automatic Control},
title={Diagnosability of discrete-event systems},
year={1995},
volume={40},
number={9},
pages={1555-1556},
keywords={discrete event systems;fault diagnosis;formal languages;large-scale systems;continuous variable dynamic systems;diagnosability;discrete-event systems;failure diagnosis;fault detection;fault isolation;formal languages;invertibility;large complex systems;necessary and sufficient conditions;observability;Analytical models;Automatic control;Diagnostic expert systems;Discrete event systems;Event detection;Formal languages;Humans;Mathematical model;Power system modeling;Sufficient conditions},
doi={10.1109/9.412626},
ISSN={0018-9286},
month={Sep},}

%%%%%%%%%%%%%%%%%%%%%%%%%%%%%%%%%%%%%%%%%%%%%%%%%%%%%%%%%%%%%%%%%%

% --------- The control of discrete event system (Ramadge, Wonham) -----%%
@ARTICLE{controlOfDiscreteEvent_Ramadge,
author={P. J. G. Ramadge and W. M. Wonham},
journal={Proceedings of the IEEE},
title={The control of discrete event systems},
year={1989},
volume={77},
number={1},
pages={81-98},
keywords={automata theory;computational complexity;control theory;discrete time systems;formal languages;automata theory;computational complexity;control theory;discrete event systems;dynamic system;formal language models;Application software;Automata;Automatic control;Communication system control;Communication system traffic control;Computational complexity;Control systems;Control theory;Discrete event systems;Formal languages;Manufacturing systems;Observability;Open loop systems;Operating systems;Vehicle dynamics},
doi={10.1109/5.21072},
ISSN={0018-9219},
month={Jan},}
%%%%%%%%%%%%%%%%%%%%%%%%%%%%%%%%%%%%%%%%%%%%%%%%%%%%%%%%%%%%%%%%%%%%%

%------- Introduction to Automata Theory, Languages, and Computation   -----%
@book{introductionAutomataTheoryLangageComputation_2007,
  title={Introduction to Automata Theory, Languages, and Computation},
  author={Hopcroft, J.E. and Motwani, R. and Ullman, J.D.},
  isbn={9780321476173},
  lccn={78067950},
  url={https://books.google.fr/books?id=cBamQgAACAAJ},
  year={2007},
  publisher={Pearson Addison-Wesley}
}
%%%%%%%%%%%%%%%%%%%%%%%%%%%%%%%%%%%%%%%%%%%%%%%%%%%%%%%%%%%%%%%%%%%%%%%

%%%%%%%%%%%%%%%%%%%%%%%%%%%%%%%%%%%%%%%%%%%%%%%%%%%%%%%%%%%%
@book{cassandras2009introduction,
  title={Introduction to Discrete Event Systems},
  author={Cassandras, C.G. and Lafortune, S.},
  isbn={9780387333328},
  lccn={2007931603},
  series={SpringerLink Engineering},
  url={https://books.google.fr/books?id=AxguNHDtO7MC},
  year={2009},
  publisher={Springer US},
  pages = {1--34}
}

% ------- The Essential Guide to Doing Research
@book{o2004essential,
  title={The Essential Guide to Doing Research},
  author={O'Leary, Zina},
  year={2004},
  publisher={SAGE},
  pages = "5--7"
}
%%%%%%%%%%%%%%%%%%%%%%%%%%%%%%%%%%%%%%%%%%%%%%%%%%%%%%%%%%%%

@article{VELAZQUEZQUESADA2013505,
title = "An epistemic and dynamic approach to abductive reasoning: Abductive problem and abductive solution",
journal = "Journal of Applied Logic",
volume = "11",
number = "4",
pages = "505 - 522",
year = "2013",
note = "Combining Probability and Logic: Papers from Progic 2011",
issn = "1570-8683",
doi = "https://doi.org/10.1016/j.jal.2013.07.002",
url = "http://www.sciencedirect.com/science/article/pii/S1570868313000475",
author = "Fernando R. Velázquez-Quesada and Fernando Soler-Toscano and Ángel Nepomuceno-Fernández",
keywords = "Abductive reasoning, Dynamic epistemic logic, Plausibility models, Epistemic actions"
}
%%%%%%%%%%%%%%%%%%%%%%%%%%%%%%%%%%%%%%%%%%%%%%%%%%%%%%%%%%%%

@article{CARVER2018237,
title = "Stateless techniques for generating global and local test oracles for message-passing concurrent programs",
journal = "Journal of Systems and Software",
volume = "136",
pages = "237 - 265",
year = "2018",
issn = "0164-1212",
doi = "https://doi.org/10.1016/j.jss.2017.11.026",
url = "http://www.sciencedirect.com/science/article/pii/S0164121217302753",
author = "R. Carver and Yu Lei",
keywords = "Concurrent programs, Model-based testing, Stateless search, Test oracle, Test sequences"
}
%%%%%%%%%%%%%%%%%%%%%%%%%%%%%%%%%%%%%%%%%%%%%%%%%%%%%%%%%%%%
%khalil : un bouquin sur la base de l'autom 
% les hypothèses de systeme
%

%%% Pas de citation de celui ci ! Je n'ai pas trouvé cette déf de l'état -Lucien
%definition de l'etat page 100
@book{levine1996control,
  title={The Control Handbook},
  author={Levine, W.S.},
  isbn={9780849385704},
  lccn={95025551},
  series={Electrical Engineering Handbook},
  url={https://books.google.fr/books?id=2WQP5JGaJOgC},
  year={1996},
  publisher={Taylor \& Francis}
}


%%%%%%%%%%%%%%%%%%%%%%%%%%%%%%%%%%%%%%%%
@book{buisnessREsearchWilson,
author = {J.Wilson},
title = {Essentials of Business Research: A Guide to Doing Your Research Project},
pages = {5-7},
year = {2010},
editor = {SAGE}

}
